<?xml version="1.0" encoding="UTF-8"?><collection xmlns="http://www.loc.gov/MARC21/slim"><record><leader>00547nam--2200145-i-4500</leader><controlfield tag="001">000016654</controlfield><controlfield tag="002">20161230</controlfield><controlfield tag="005">20161230201031</controlfield><controlfield tag="008">060222s1000------------r-----000-0-eng-d</controlfield><datafield ind1=" " ind2=" " tag="080"><subfield code="a">539.172.3:539.2(043)</subfield></datafield><datafield ind1=" " ind2=" " tag="100"><subfield code="a">Cretu, Nicolae-constantin</subfield></datafield><datafield ind1=" " ind2=" " tag="245"><subfield code="a">Contrbutii la studiul proprietatilor unor ferite policristaline si comportarea acestora circuitele de microunde. teza</subfield></datafield><datafield ind1=" " ind2=" " tag="260"><subfield code="a">Bucuresti, Institutul De Fizica Atomica, 1997. 139 P</subfield></datafield><datafield ind1=" " ind2=" " tag="653"><subfield code="a">Nuclear Reactions, Induced By Photons, Molecular Systems, Solid State Physics</subfield></datafield><datafield ind1=" " ind2=" " tag="852"><subfield code="a">80843</subfield></datafield></record></collection>